<?xml version="1.0" encoding="UTF-8"?><collection xmlns="http://www.loc.gov/MARC21/slim"><record><leader>00531nam--2200181-u-4500</leader><controlfield tag="001">000051166</controlfield><controlfield tag="002">20161230</controlfield><controlfield tag="005">20170124003827</controlfield><controlfield tag="008">080527s1000------------r-----000-0-eng-d</controlfield><datafield ind1=" " ind2=" " tag="040"><subfield code="a">IFIN-HH</subfield></datafield><datafield ind1="1" ind2=" " tag="100"><subfield code="a">Denis-Papin, Maurice</subfield></datafield><datafield ind1="1" ind2=" " tag="245"><subfield code="a">Cours de calcul tensoriel applique (Geometrie differentielle absolue)</subfield></datafield><datafield ind1=" " ind2=" " tag="260"><subfield code="a">Paris</subfield><subfield code="b">Edition Albin Michel</subfield><subfield code="c">1953</subfield></datafield><datafield ind1=" " ind2=" " tag="300"><subfield code="a">388 p</subfield></datafield><datafield ind1=" " ind2=" " tag="490"><subfield code="a">Cours de mathematiques superieures appliquees</subfield><subfield code="v">vol. 3</subfield></datafield><datafield ind1="1" ind2=" " tag="700"><subfield code="a">Kaufmann, A</subfield></datafield><datafield ind1=" " ind2=" " tag="852"><subfield code="a">10697</subfield><subfield code="c">513</subfield></datafield><datafield ind1=" " ind2=" " tag="CAT"><subfield code="a">SYS</subfield><subfield code="c">20170124</subfield><subfield code="h">003827</subfield></datafield></record></collection>